<?xml version="1.0" encoding="UTF-8"?><record xmlns="http://www.loc.gov/MARC21/slim" xmlns:cinclude="http://apache.org/cocoon/include/1.0" xmlns:zs="http://www.loc.gov/zing/srw/">
  <leader>00434cz  a2200133n  4500</leader>
  <controlfield tag="001">n  82094150 </controlfield>
  <controlfield tag="003">DLC</controlfield>
  <controlfield tag="005">19850117153203.9</controlfield>
  <controlfield tag="008">820722n| acannaab|          |n aaa |||  </controlfield>
  <datafield tag="010" ind1=" " ind2=" ">
    <subfield code="a">n  82094150 </subfield>
  </datafield>
  <datafield tag="040" ind1=" " ind2=" ">
    <subfield code="a">DLC</subfield>
    <subfield code="c">DLC</subfield>
    <subfield code="d">DLC</subfield>
  </datafield>
  <datafield tag="100" ind1="1" ind2="0">
    <subfield code="a">Warren, Robert E.</subfield>
  </datafield>
  <datafield tag="670" ind1=" " ind2=" ">
    <subfield code="a">His Manhood, 1888:</subfield>
    <subfield code="b">t.p. (Robert E. Warren)</subfield>
  </datafield>
  <datafield tag="675" ind1=" " ind2=" ">
    <subfield code="a">Dic. Amer. biog., c1936;</subfield>
    <subfield code="a">W was W Amer., 1607-1968;</subfield>
    <subfield code="a">Biog. dic. master index, 1975-76, suppl. 1979-80;</subfield>
    <subfield code="a">AMWS, 1976.</subfield>
  </datafield>
</record>